@article{sans26,
    author = "В.К. Сансевич, В.В. Безручко",
    title = "Моделирование процесса оценки погрешностей при
          реализации метода индивидуального прогнозирования",
    journal = "Научный результат. Информационные технологии. – Т.5, №1",
    year = "2020",
    langid = "russian"
}


@article{maytnik29,
    author = "Б.А. Голоденко, Е.В. Чеснокова, А.Б. Голоденко"
    title = "Моделирование одномерного гармонического осциллятора в среде MATLAB/Simulink",
    journal = "Вестник ВГУИТ, н. 2",
    year = "2012",
    langid = "russian"
}

@inbook{zvon28,
    author = "С.В. Звонарев",
    title = "Основы математического моделирования: учебное пособие",
    booktitle = "Основы математического моделирования: учебное пособие",
    publisher = "Екатеринбург: Издательство Уральского университета",
    year = "2019",
    langid = "russian"
}


@inbook{elbert28,
    author = "Elbert B.R.",
    title = "The Satellite Communication Applications Handbook",
    booktitle = "The Satellite Communication Applications Handbook",
    publisher = "Artech House",
    year = "2004",
    langid = "russian"
}

@inbook{sklyar74,
    author = "Скляр Б.",
    title = "Цифровая связь. Теоретические основы
и практическое применение. 2-е изд.",
    booktitle = "Цифровая связь. Теоретические основы
и практическое применение. 2-е изд.",
    publisher = "М.: ИД «Вильямс»",
    year = "2003",
    langid = "russian"
}


@inbook{itur,
      title = "ITU-R Recommendations. P.341-7. The concept of transmission loss for radio links",
    year = "2019",
    langid = "english"
}

